<?xml version="1.0" encoding="UTF-8"?><collection xmlns="http://www.loc.gov/MARC21/slim"><record><leader>00400nam--2200145-i-4500</leader><controlfield tag="001">000017313</controlfield><controlfield tag="002">20161230</controlfield><controlfield tag="005">20161230201032</controlfield><controlfield tag="008">060222s1000------------r-----000-0-eng-d</controlfield><datafield ind1=" " ind2=" " tag="080"><subfield code="a">519.2:53</subfield></datafield><datafield ind1=" " ind2=" " tag="100"><subfield code="a">Valcov, Nicolae</subfield></datafield><datafield ind1=" " ind2=" " tag="245"><subfield code="a">Statistica in fizica experimentala</subfield></datafield><datafield ind1=" " ind2=" " tag="260"><subfield code="a">Bucuresti, Editura Horia Hulubei, 1998. 132 P</subfield></datafield><datafield ind1=" " ind2=" " tag="653"><subfield code="a">Statistical Analysis, Experimental Physics</subfield></datafield><datafield ind1=" " ind2=" " tag="852"><subfield code="a">80875</subfield></datafield></record></collection>